@misc{park2019g2pk,
  author = {Park, Kyubyong},
  title = {g2pK},
  year = {2019},
  publisher = {GitHub},
  journal = {GitHub repository},
  howpublished = {\url{https://github.com/Kyubyong/g2pk}}
}
@misc{spell-checkers-comparison,
  author       = {diffitask},
  title        = {spell-checkers-comparison},
  year         = {2023},
  publisher    = {GitHub},
  journal      = {GitHub Repository},
  howpublished = {\url{https://github.com/diffitask/spell-checkers-comparison}},
  url          = {https://github.com/diffitask/spell-checkers-comparison}
}

@misc{haptik2020spello,
  title={spello},
  author={Srivastava Aman, Reddy SL Ruthvik },
  howpublished={\url{https://github.com/hellohaptik/spello}},
  year={2020}
}


@article{__2012,
	title = {이중 언어 학습자의 한국어 작문에 나타난 오류 특성 분석},
	volume = {1},
	issn = {2287-8386},
	url = {https://www.earticle.net/Article/A352862},
	abstract = {본 연구는 외국어로서의 한국어를 배우 는 이중 언어 학습자들의 쓰기 자료에 나타난 문법 오류와 어휘 오류를 분 석하였다. 이를 바탕으로 이중 언어 학습자의 문법 오류와 어휘 오류의 유 형과 빈도를 파악하는데 목적이 있다. 이를 위해 한국어 능력이 중급 단계인 이중 언어 학습자들의 쓰기 자료를 수집하고 분석하였다. 한국어로 작문이 가능한 36명의 외국인 학습자들을 대상으로 단편 애니메이션을 보여준 뒤 이에 대한 감상을 주제로 한국어 작 문을 만들게 하고 그 결과를 분석하였다. 분석은 크게 문법 오류와 어휘 오류로 나누어 실시되었다. 쓰기 자료를 분 석한 결과에 따르면 총 16795개의 음절 중 총 1133개의 오류가 수집되었다. 이들 중 총 430개가 문법 오류, 총 703개가 어휘 오류로 나타났다. 문법 오 류 중에 조사 오류는 383개로 전체 문법 오류의 89.07\%를 차지하였다. 그리 고 형태 오류, 사동·피동형 오류, 시제 오류의 순으로 나타났다. 어휘 오류 중에 맞춤법 오류는 591개로 전체 어휘 오류의 84.07\%를 차지하였다. 그리 고 부적절한 어휘의 사용, 부적절한 음절의 생략, 부적절한 음절의 첨가 순 으로 나타났다. 문법 오류의 수와 어휘 오류의 수 사이에는 유의미한 상관 관계가 나타났고, 총 음절수는 문법 오류의 수나 어휘 오류의 수와 유의미 한 상관관계를 나타내지 않았다. 문법 및 어휘 오류 분석 결과를 바탕으로 하여 한국어를 배우는 이중 언어 학습자들의 한국어 쓰기능력을 향상시키기 위해서는 외국어와 달리 한국어 문법에서 큰 비중을 차지하는 조사와 관련된 부분과 음운 및 철자의 혼동으 로 인한 맞춤법 오류에 대한 활발한 학습 기회를 교수과정에 반영하여 효과 적인 한국어 쓰기 교육이 이루어 질 수 있도록 노력해야 할 것이다. 또한 다양한 어휘와 각 어휘에 대한 정확한 뜻과 표기에 대한 충분한 지식의 확 보는 이중 언어 학습자들의 쓰기 능력뿐만 아니라 전반적인 의사소통능력에 긍정적인 효과를 가지고 올 것이다.},
	pages = {103--112},
	number = {1},
	journaltitle = {다문화의사소통},
	author = {홍주은 and 김화수},
	urldate = {2025-04-18},
	date = {2012-12},
	file = {PDF:/Users/kimgunhyeong/Zotero/storage/5YB8NNKM/홍주은 and 김화수 - 2012 - 이중 언어 학습자의 한국어 작문에 나타난 오류 특성 분석.pdf:application/pdf;Snapshot:/Users/kimgunhyeong/Zotero/storage/JA3I7AQA/A352862.html:text/html},
}
