

@misc{park2019g2pk,
  author = {Park, Kyubyong},
  title = {g2pK},
  year = {2019},
  publisher = {GitHub},
  journal = {GitHub repository},
  howpublished = {\url{https://github.com/Kyubyong/g2pk}}
}

@article{pratap2023mms,
    title={Scaling Speech Technology to 1,000+ Languages},
    author={Vineel Pratap and Andros Tjandra and Bowen Shi and Paden Tomasello and Arun Babu and Sayani Kundu and Ali Elkahky and Zhaoheng Ni and Apoorv Vyas and Maryam Fazel-Zarandi and Alexei Baevski and Yossi Adi and Xiaohui Zhang and Wei-Ning Hsu and Alexis Conneau and Michael Auli},
    journal={arXiv},
    year={2023}
}

@misc{aihub_korean_english_parallel,
  title        = {한국어-영어 번역(병렬) 말뭉치},
  author       = {{AI허브}},
  year         = {2019},
  howpublished = {\url{https://aihub.or.kr/aihubdata/data/view.do?currMenu=115&topMenu=100&aihubDataSe=realm&dataSetSn=126}},
  note         = {제공 기관: AI허브, 수행 기관: 솔트룩스이노베이션},
}
