

@misc{park2019g2pk,
  author = {Park, Kyubyong},
  title = {g2pK},
  year = {2019},
  publisher = {GitHub},
  journal = {GitHub repository},
  howpublished = {\url{https://github.com/Kyubyong/g2pk}}
}